<?xml version="1.0" encoding="UTF-8"?><collection xmlns="http://www.loc.gov/MARC21/slim"><record><leader>00489nam--2200181-i-4500</leader><controlfield tag="001">000020306</controlfield><controlfield tag="002">20161230</controlfield><controlfield tag="005">20161230201033</controlfield><controlfield tag="008">060222s1000------------r-----000-0-fre-d</controlfield><datafield ind1=" " ind2=" " tag="040"><subfield code="a">IFIN-HH</subfield></datafield><datafield ind1=" " ind2=" " tag="041"><subfield code="a">fre</subfield></datafield><datafield ind1=" " ind2=" " tag="080"><subfield code="a">535.417</subfield></datafield><datafield ind1="1" ind2=" " tag="100"><subfield code="a">Fabry, Ch</subfield></datafield><datafield ind1="1" ind2="0" tag="245"><subfield code="a">Les applications des interferences lumineuses</subfield><subfield code="c">Ch. fabry</subfield></datafield><datafield ind1=" " ind2=" " tag="260"><subfield code="a">Paris</subfield><subfield code="b">Edition De La Revue D`Optique Theorique Et Instrumentale</subfield><subfield code="c">1923</subfield></datafield><datafield ind1=" " ind2=" " tag="300"><subfield code="a">146 P</subfield></datafield><datafield ind1=" " ind2=" " tag="852"><subfield code="a">72048</subfield><subfield code="c">H.H</subfield></datafield><datafield ind1=" " ind2=" " tag="CAT"><subfield code="a">Sys</subfield><subfield code="c">20130417</subfield><subfield code="h">161019</subfield></datafield></record></collection>